@COMMENT{THESE ARE PAPERS ON EFFECTIVE DENSITY-DEPENDENT POTENTIALS}

@article{Drischler:2015eba,
      author         = "Drischler, Christian and Hebeler, Kai and Schwenk, Achim",
      title          = "{Asymmetric nuclear matter based on chiral two- and
                        three-nucleon interactions}",
      year           = "2015",
      eprint         = "1510.06728",
      archivePrefix  = "arXiv",
      primaryClass   = "nucl-th"
}


@article{PhysRevC.81.024002,
  title = {Density-dependent effective nucleon-nucleon interaction from chiral three-nucleon forces},
  author = {Holt, J. W. and Kaiser, N. and Weise, W.},
  journal = {Phys. Rev. C},
  volume = {81},
  issue = {2},
  pages = {024002},
  numpages = {15},
  year = {2010},
  month = {Feb},
  doi = {10.1103/PhysRevC.81.024002},
  url = {http://link.aps.org/doi/10.1103/PhysRevC.81.024002},
  publisher = {American Physical Society}
}

@article{PhysRevC.82.014314,
  title = {Chiral three-nucleon forces and neutron matter},
  author = {Hebeler, K. and Schwenk, A.},
  journal = {Phys. Rev. C},
  volume = {82},
  issue = {1},
  pages = {014314},
  numpages = {11},
  year = {2010},
  month = {Jul},
  doi = {10.1103/PhysRevC.82.014314},
  url = {http://link.aps.org/doi/10.1103/PhysRevC.82.014314},
  publisher = {American Physical Society}
}

@article{PhysRevC.83.054003,
  title = {Density-dependent nucleon-nucleon interaction from three-nucleon forces},
  author = {Lovato, Alessandro and Benhar, Omar and Fantoni, Stefano and Illarionov, Alexey Yu. and Schmidt, Kevin E.},
  journal = {Phys. Rev. C},
  volume = {83},
  issue = {5},
  pages = {054003},
  numpages = {16},
  year = {2011},
  month = {May},
  publisher = {American Physical Society},
  doi = {10.1103/PhysRevC.83.054003},
  url = {http://link.aps.org/doi/10.1103/PhysRevC.83.054003}
}

@article{AdelbergerHaxton,
author = {Adelberger, E G and Haxton, W C},
title = {Parity Violation in the Nucleon-Nucleon Interaction},
journal = {Annual Review of Nuclear and Particle Science},
volume = {35},
number = {1},
pages = {501-558},
year = {1985},
doi = {10.1146/annurev.ns.35.120185.002441},
url = {http://www.annualreviews.org/doi/abs/10.1146/annurev.ns.35.120185.002441}
}

@article{PhysRev.133.B329,
  title = {Parity Nonconservation in Nuclei},
  author = {Michel, F. Curtis},
  journal = {Phys. Rev.},
  volume = {133},
  issue = {2B},
  pages = {B329--B349},
  numpages = {0},
  year = {1964},
  month = {Jan},
  publisher = {American Physical Society},
  doi = {10.1103/PhysRev.133.B329},
  url = {http://link.aps.org/doi/10.1103/PhysRev.133.B329}
}


@COMMENT{GENERAL PAPERS ON THREE BODY FORCES AND CHIRAL EFT}

@article{PhysRevC.85.024003,
  title = {Comparative study of three-nucleon potentials in nuclear matter},
  author = {Lovato, Alessandro and Benhar, Omar and Fantoni, Stefano and Schmidt, Kevin E.},
  journal = {Phys. Rev. C},
  volume = {85},
  issue = {2},
  pages = {024003},
  numpages = {13},
  year = {2012},
  month = {Feb},
  publisher = {American Physical Society},
  doi = {10.1103/PhysRevC.85.024003},
  url = {http://link.aps.org/doi/10.1103/PhysRevC.85.024003}
}


@article{PhysRevC.66.064001,
  title = {Three-nucleon forces from chiral effective field theory},
  author = {Epelbaum, E. and Nogga, A. and Gl\"ockle, W. and Kamada, H. and Mei\ss{}ner, Ulf-G. and Wita\l{}a, H.},
  journal = {Phys. Rev. C},
  volume = {66},
  issue = {6},
  pages = {064001},
  numpages = {17},
  year = {2002},
  month = {Dec},
  doi = {10.1103/PhysRevC.66.064001},
  url = {http://link.aps.org/doi/10.1103/PhysRevC.66.064001},
  publisher = {American Physical Society}
}

@article{Navratil2007,
year={2007},
issn={0177-7963},
journal={Few-Body Systems},
volume={41},
number={3-4},
doi={10.1007/s00601-007-0193-3},
title={Local three-nucleon interaction from chiral effective field theory},
url={http://dx.doi.org/10.1007/s00601-007-0193-3},
publisher={Springer-Verlag},
author={NavrÃ¡til, P.},
pages={117-140},
language={English}
}
  	

@article{PhysRevLett.105.032501,
  title = {Three-Body Forces and the Limit of Oxygen Isotopes},
  author = {Otsuka, Takaharu and Suzuki, Toshio and Holt, Jason D. and Schwenk, Achim and Akaishi, Yoshinori},
  journal = {Phys. Rev. Lett.},
  volume = {105},
  issue = {3},
  pages = {032501},
  numpages = {4},
  year = {2010},
  month = {Jul},
  doi = {10.1103/PhysRevLett.105.032501},
  url = {http://link.aps.org/doi/10.1103/PhysRevLett.105.032501},
  publisher = {American Physical Society}
}

@article{0954-3899-39-1-015108,
  author={T Lesinski and K Hebeler and T Duguet and A Schwenk},
  title={Chiral three-nucleon forces and pairing in nuclei},
  journal={Journal of Physics G: Nuclear and Particle Physics},
  volume={39},
  number={1},
  pages={015108},
  url={http://stacks.iop.org/0954-3899/39/i=1/a=015108},
  year={2012},
  abstract={We present the first study of pairing in nuclei including three-nucleon forces. We perform systematic calculations of the odd-€“even mass staggering generated using a microscopic pairing interaction at first order in chiral low-momentum interactions. Significant repulsive contributions from the leading chiral three-nucleon forces are found. Two- and three-nucleon interactions combined account for approximately 70\% of the experimental pairing gaps, which leaves room for self-energy and induced interaction effects that are expected to be overall attractive in nuclei. Communicated by Jackek Dobaczewski.}
}
	
  	
@article{0954-3899-39-8-085111,
  author={Jason D Holt and Takaharu Otsuka and Achim Schwenk and Toshio Suzuki},
  title={Three-body forces and shell structure in calcium isotopes},
  journal={Journal of Physics G: Nuclear and Particle Physics},
  volume={39},
  number={8},
  pages={085111},
  url={http://stacks.iop.org/0954-3899/39/i=8/a=085111},
  year={2012},
}
	
@article{PhysRevLett.99.042501,
  title = {Structure of $A=10-13$ Nuclei with Two- Plus Three-Nucleon Interactions from Chiral Effective Field Theory},
  author = {Navr\'atil, P. and Gueorguiev, V. G. and Vary, J. P. and Ormand, W. E. and Nogga, A.},
  journal = {Phys. Rev. Lett.},
  volume = {99},
  issue = {4},
  pages = {042501},
  numpages = {4},
  year = {2007},
  month = {Jul},
  doi = {10.1103/PhysRevLett.99.042501},
  url = {http://link.aps.org/doi/10.1103/PhysRevLett.99.042501},
  publisher = {American Physical Society}
}

@article{PhysRevC.83.031301,
  title = {Improved nuclear matter calculations from chiral low-momentum interactions},
  author = {Hebeler, K. and Bogner, S. K. and Furnstahl, R. J. and Nogga, A. and Schwenk, A.},
  journal = {Phys. Rev. C},
  volume = {83},
  issue = {3},
  pages = {031301},
  numpages = {5},
  year = {2011},
  month = {Mar},
  doi = {10.1103/PhysRevC.83.031301},
  url = {http://link.aps.org/doi/10.1103/PhysRevC.83.031301},
  publisher = {American Physical Society}
}

@article{PhysRevLett.110.192502,
  title = {Optimized Chiral Nucleon-Nucleon Interaction at Next-to-Next-to-Leading Order},
  author = {Ekstr\"om, A. and Baardsen, G. and Forss\'en, C. and Hagen, G. and Hjorth-Jensen, M. and Jansen, G. R. and Machleidt, R. and Nazarewicz, W. and Papenbrock, T. and Sarich, J. and Wild, S. M.},
  journal = {Phys. Rev. Lett.},
  volume = {110},
  issue = {19},
  pages = {192502},
  numpages = {5},
  year = {2013},
  month = {May},
  doi = {10.1103/PhysRevLett.110.192502},
  url = {http://link.aps.org/doi/10.1103/PhysRevLett.110.192502},
  publisher = {American Physical Society}
}

@article{PhysRevC.66.064001,
  title = {Three-nucleon forces from chiral effective field theory},
  author = {Epelbaum, E. and Nogga, A. and Gl\"ockle, W. and Kamada, H. and Mei\ss{}ner, Ulf-G. and Wita\l{}a, H.},
  journal = {Phys. Rev. C},
  volume = {66},
  issue = {6},
  pages = {064001},
  numpages = {17},
  year = {2002},
  month = {Dec},
  publisher = {American Physical Society},
  doi = {10.1103/PhysRevC.66.064001},
  url = {http://link.aps.org/doi/10.1103/PhysRevC.66.064001}
}


@article{Barrett2013131,
title = "Ab initio no core shell model ",
journal = "Progress in Particle and Nuclear Physics ",
volume = "69",
number = "0",
pages = "131 - 181",
year = "2013",
note = "",
issn = "0146-6410",
doi = "http://dx.doi.org/10.1016/j.ppnp.2012.10.003",
url = "http://www.sciencedirect.com/science/article/pii/S0146641012001184",
author = "Bruce R. Barrett and Petr Navr\'{a}til and James P. Vary",
keywords = "Nuclei",
keywords = "Potentials",
keywords = "Theory",
keywords = "Predictions",
keywords = "Structure",
keywords = "Reactions "
}

@COMMENT{NONLOCALITY IN GENERAL}
@article{PhysRevC.53.R1483,
  title = {Nonlocal nature of the nuclear force and its impact on nuclear structure},
  author = {Machleidt, R. and Sammarruca, F. and Song, Y.},
  journal = {Phys. Rev. C},
  volume = {53},
  issue = {4},
  pages = {R1483--R1487},
  numpages = {0},
  year = {1996},
  month = {Apr},
  publisher = {American Physical Society},
  doi = {10.1103/PhysRevC.53.R1483},
  url = {http://link.aps.org/doi/10.1103/PhysRevC.53.R1483}
}


@COMMENT{THESE ARE PAPERS ON NONLOCAL POTENTIALS IN QUANTUM MONTE CARLO}

@article{PhysRevLett.111.032501,
  title = {Quantum Monte~Carlo Calculations with Chiral Effective Field Theory Interactions},
  author = {Gezerlis, A. and Tews, I. and Epelbaum, E. and Gandolfi, S. and Hebeler, K. and Nogga, A. and Schwenk, A.},
  journal = {Phys. Rev. Lett.},
  volume = {111},
  issue = {3},
  pages = {032501},
  numpages = {6},
  year = {2013},
  month = {Jul},
  publisher = {American Physical Society},
  doi = {10.1103/PhysRevLett.111.032501},
  url = {http://link.aps.org/doi/10.1103/PhysRevLett.111.032501}
}

@Online{roggero,
  author      = {Alessandro Roggero AND Abhishek Mukherjee AND Francesco Pederiva},
  title       = {Quantum Monte Carlo calculations of neutron matter with non-local chiral interactions},
  version     = {1},
  date        = {2014-02-07},
  eprinttype  = {arxiv},
  eprintclass = {nucl-th, astro-ph.SR, cond-mat.quant-gas, hep-ph},
  eprint      = {http://arxiv.org/abs/1402.1576v1}
}

@article{Gezerlis:2014zia,
      author         = "Gezerlis, A. and Tews, I. and Epelbaum, E. and Freunek,
                        M. and Gandolfi, S. and others",
      title          = "{Local chiral effective field theory interactions and
                        quantum Monte Carlo applications}",
      year           = "2014",
      eprint         = "1406.0454",
      archivePrefix  = "arXiv",
      primaryClass   = "nucl-th",
      SLACcitation   = "%%CITATION = ARXIV:1406.0454;%%",
}

@COMMENT{NAVRATIL ON LOCAL FORM OF 3N POTENTIAL}
@article{Navratil2007,
year={2007},
issn={0177-7963},
journal={Few-Body Systems},
volume={41},
number={3-4},
doi={10.1007/s00601-007-0193-3},
title={Local three-nucleon interaction from chiral effective field theory},
url={http://dx.doi.org/10.1007/s00601-007-0193-3},
publisher={Springer-Verlag},
author={NavrÃ¡til, P.},
pages={117-140},
language={English}
}

@COMMENT{NIJMEGEN POTENTIAL, NIJM1 IS NONLOCAL}
@article{PhysRevC.49.2950,
  title = {Construction of high-quality NN potential models},
  author = {Stoks, V. G. J. and Klomp, R. A. M. and Terheggen, C. P. F. and de Swart, J. J.},
  journal = {Phys. Rev. C},
  volume = {49},
  issue = {6},
  pages = {2950--2962},
  numpages = {0},
  year = {1994},
  month = {Jun},
  publisher = {American Physical Society},
  doi = {10.1103/PhysRevC.49.2950},
  url = {http://link.aps.org/doi/10.1103/PhysRevC.49.2950}
}


