@COMMENT{ LOCAL APPROXIMATIONS TO NONLOCAL POTENTIALS
-------------------------------------------------------------------------------------------------------------}
@article{0954-3899-26-3-310,
  author={I F Barna and B Apagyi and W Scheid},
  title={Localization of nonlocal potentials by a Taylor expansion method},
  journal={Journal of Physics G: Nuclear and Particle Physics},
  volume={26},
  number={3},
  pages={323},
  url={http://stacks.iop.org/0954-3899/26/i=3/a=310},
  year={2000},
  abstract={The Taylor expansion procedure introduced by Apagyi and Scheid (1983 J. Phys. G: Nucl. Phys. 9 73) for localization of nonlocal potentials has been re-examined and improved to include third-order corrections. The method has been applied to the real part of the nonlocal potential describing n- 40 Ca scattering. Comparison with exact results and investigation of phase shifts show that inclusion of second-order correction terms may be sufficient to obtain a quick assessment of the local space effect of the underlying nonlocal potential.}
}

@COMMENT{ EDMONDS
-------------------------------------------------------------------------------------------------------------}
@book{Edmonds,
  author= {Edmonds, A. R.},
  title={Angular Momentum in Quantum Mechanics},
  year={1996},
  publisher={Princeton University Press}
}

@book{varshalovich1988,
  title={Quantum Theory of Angular Momentum},
  author={Varshalovich, D. A. and Moskalev, A. N. and Khersonskii, V. K.},
  year={1988},
  publisher={World Scientific}
}

@COMMENT{ CUBA - MONTE CARLO INTEGRATION LIBRARY
-------------------------------------------------------------------------------------------------------------}
@article{Hahn200578,
title = "Cuba: A library for multidimensional numerical integration ",
journal = "Computer Physics Communications ",
volume = "168",
number = "2",
pages = "78 - 95",
year = "2005",
doi = "http://dx.doi.org/10.1016/j.cpc.2005.01.010",
url = "http://www.sciencedirect.com/science/article/pii/S0010465505000792",
author = "T. Hahn"
}

