@article{Wilson197475,
title = "The renormalization group and the $\epsilon$ expansion ",
journal = "Physics Reports ",
volume = "12",
number = "2",
pages = "75 - 199",
year = "1974",
note = "",
issn = "0370-1573",
doi = "http://dx.doi.org/10.1016/0370-1573(74)90023-4",
url = "http://www.sciencedirect.com/science/article/pii/0370157374900234",
author = "Kenneth G. Wilson and J. Kogut"
}

@article{WEINBERG1990288,
title = "Nuclear forces from chiral lagrangians",
journal = "Physics Letters B",
volume = "251",
number = "2",
pages = "288 - 292",
year = "1990",
note = "",
issn = "0370-2693",
doi = "http://dx.doi.org/10.1016/0370-2693(90)90938-3",
url = "http://www.sciencedirect.com/science/article/pii/0370269390909383",
author = "Steven Weinberg",

}

@article{Epelbaum2013,
year={2013},
issn={0177-7963},
journal={Few-Body Systems},
volume={54},
number={12},
doi={10.1007/s00601-012-0492-1},
title={On the Renormalization of the One-Pion Exchange Potential and the Consistency of Weinberg's Power Counting},
url={http://dx.doi.org/10.1007/s00601-012-0492-1},
publisher={Springer Vienna},
author={Epelbaum, E. and Mei{\ss}ner, Ulf-G.},
pages={2175-2190},
language={English}
}

@article{Machleidt20111,
title = "Chiral effective field theory and nuclear forces ",
journal = "Physics Reports ",
volume = "503",
number = "1",
pages = "1 - 75",
year = "2011",
note = "",
issn = "0370-1573",
doi = "http://dx.doi.org/10.1016/j.physrep.2011.02.001",
url = "http://www.sciencedirect.com/science/article/pii/S0370157311000457",
author = "R. Machleidt and D.R. Entem"
}


@inproceedings{Lepage:1997,
      author         = "Lepage, G. P.",
      title          = "{How to renormalize the Schr\:{o}dinger equation}",
      booktitle      = "{Nuclear physics. Proceedings, 8th Jorge Andre Swieca
                        Summer School, Sao Jose dos Campos, Campos do Jordao,
                        Brazil, January 26-February 7, 1997}",
      year           = "1997",
      pages          = "135-180",
      eprint         = "nucl-th/9706029",
      archivePrefix  = "arXiv",
      primaryClass   = "nucl-th",
      SLACcitation   = "%%CITATION = NUCL-TH/9706029;%%"
}

@article{PhysRevC.49.2932,
  title = {Few-nucleon forces from chiral Lagrangians},
  author = {van Kolck, U.},
  journal = {Phys. Rev. C},
  volume = {49},
  issue = {6},
  pages = {2932--2941},
  numpages = {0},
  year = {1994},
  month = {Jun},
  publisher = {American Physical Society},
  doi = {10.1103/PhysRevC.49.2932},
  url = {http://link.aps.org/doi/10.1103/PhysRevC.49.2932}
}


@article{PhysRevC.77.034005,
  title = {Form of the effective interaction in harmonic-oscillator-based effective theory},
  author = {Haxton, W. C.},
  journal = {Phys. Rev. C},
  volume = {77},
  issue = {3},
  pages = {034005},
  numpages = {36},
  year = {2008},
  month = {Mar},
  publisher = {American Physical Society},
  doi = {10.1103/PhysRevC.77.034005},
  url = {http://link.aps.org/doi/10.1103/PhysRevC.77.034005}
}

@article{PhysRevC.73.064002,
  title = {Spectra and binding energy predictions of chiral interactions for $^{7}\mathrm{Li}$},
  author = {Nogga, A. and Navr\'atil, P. and Barrett, B. R. and Vary, J. P.},
  journal = {Phys. Rev. C},
  volume = {73},
  issue = {6},
  pages = {064002},
  numpages = {13},
  year = {2006},
  month = {Jun},
  publisher = {American Physical Society},
  doi = {10.1103/PhysRevC.73.064002},
  url = {http://link.aps.org/doi/10.1103/PhysRevC.73.064002}
}

@article{PhysRevC.87.014327,
  title = {Structure of $A=7-8$ nuclei with two- plus three-nucleon interactions from chiral effective field theory},
  author = {Maris, P. and Vary, J. P. and Navr\'atil, P.},
  journal = {Phys. Rev. C},
  volume = {87},
  issue = {1},
  pages = {014327},
  numpages = {10},
  year = {2013},
  month = {Jan},
  publisher = {American Physical Society},
  doi = {10.1103/PhysRevC.87.014327},
  url = {http://link.aps.org/doi/10.1103/PhysRevC.87.014327}
}


@article{ABNCSM,
	Author = {Barrett, Bruce R. and Navr{\'a}til, Petr and Vary, James P.},
	Date = {2013/3//},
	Doi = {http://dx.doi.org/10.1016/j.ppnp.2012.10.003},
	Isbn = {0146-6410},
	Journal = {Progress in Particle and Nuclear Physics},
	Month = {3},
	Pages = {131--181},
	Title = {Ab initio no core shell model},
	Ty = {JOUR},
	Url = {http://www.sciencedirect.com/science/article/pii/S0146641012001184},
	Volume = {69},
	Year = {2013},
}


@article{RevModPhys.85.197,
  title = {\textit{Colloquium}  : Three-body forces: From cold atoms to nuclei},
  author = {Hammer, Hans-Werner and Nogga, Andreas and Schwenk, Achim},
  journal = {Rev. Mod. Phys.},
  volume = {85},
  issue = {1},
  pages = {197--217},
  numpages = {0},
  year = {2013},
  month = {Jan},
  publisher = {American Physical Society},
  doi = {10.1103/RevModPhys.85.197},
  url = {http://link.aps.org/doi/10.1103/RevModPhys.85.197}
}

@article{Krewald2012322,
title = "Effective field theory approach to nuclear matter ",
journal = "Progress in Particle and Nuclear Physics ",
volume = "67",
number = "2",
pages = "322 - 326",
year = "2012",
issn = "0146-6410",
doi = "http://dx.doi.org/10.1016/j.ppnp.2011.12.037",
url = "http://www.sciencedirect.com/science/article/pii/S0146641011001542",
author = "S. Krewald and E. Epelbaum and U.-G. Mei{\ss}ner and P. Saviankou",
}

@article{PhysRevC.51.38,
  title = {Accurate nucleon-nucleon potential with charge-independence breaking},
  author = {Wiringa, R. B. and Stoks, V. G. J. and Schiavilla, R.},
  journal = {Phys. Rev. C},
  volume = {51},
  issue = {1},
  pages = {38--51},
  numpages = {0},
  year = {1995},
  month = {Jan},
  publisher = {American Physical Society},
  doi = {10.1103/PhysRevC.51.38},
  url = {http://link.aps.org/doi/10.1103/PhysRevC.51.38}
}


